%YAML 1.1
%TAG !u! tag:unity3d.com,2011:
--- !u!1 &173417370436742304
GameObject:
  m_ObjectHideFlags: 0
  m_CorrespondingSourceObject: {fileID: 0}
  m_PrefabInstance: {fileID: 0}
  m_PrefabAsset: {fileID: 0}
  serializedVersion: 6
  m_Component:
  - component: {fileID: 8923850408274729523}
  - component: {fileID: 6493153375528438029}
  - component: {fileID: 467878737505383393}
  - component: {fileID: 3150628556986992836}
  - component: {fileID: 6350973580162270572}
  - component: {fileID: 4126692984388648405}
  - component: {fileID: 88010453286023309}
  - component: {fileID: 2229339773220479256}
  - component: {fileID: 8628132049404231987}
  m_Layer: 9
  m_Name: Enemy
  m_TagString: Untagged
  m_Icon: {fileID: 0}
  m_NavMeshLayer: 0
  m_StaticEditorFlags: 0
  m_IsActive: 1
--- !u!4 &8923850408274729523
Transform:
  m_ObjectHideFlags: 0
  m_CorrespondingSourceObject: {fileID: 0}
  m_PrefabInstance: {fileID: 0}
  m_PrefabAsset: {fileID: 0}
  m_GameObject: {fileID: 173417370436742304}
  m_LocalRotation: {x: 0, y: 1, z: 0, w: 0}
  m_LocalPosition: {x: 0, y: 0, z: 0}
  m_LocalScale: {x: 1, y: 1, z: 1}
  m_Children:
  - {fileID: 214459992713874094}
  - {fileID: 8590410715472519008}
  m_Father: {fileID: 0}
  m_RootOrder: 0
  m_LocalEulerAnglesHint: {x: 0, y: 180, z: 0}
--- !u!114 &6493153375528438029
MonoBehaviour:
  m_ObjectHideFlags: 0
  m_CorrespondingSourceObject: {fileID: 0}
  m_PrefabInstance: {fileID: 0}
  m_PrefabAsset: {fileID: 0}
  m_GameObject: {fileID: 173417370436742304}
  m_Enabled: 1
  m_EditorHideFlags: 0
  m_Script: {fileID: 11500000, guid: 263dd472ac9efe34fa3c74fa70e784af, type: 3}
  m_Name: 
  m_EditorClassIdentifier: 
  Player: {fileID: 0}
  StartHealth: 100
  Speed: 4
  ScoreKeeper: {fileID: 0}
--- !u!54 &467878737505383393
Rigidbody:
  m_ObjectHideFlags: 0
  m_CorrespondingSourceObject: {fileID: 0}
  m_PrefabInstance: {fileID: 0}
  m_PrefabAsset: {fileID: 0}
  m_GameObject: {fileID: 173417370436742304}
  serializedVersion: 2
  m_Mass: 1
  m_Drag: 0
  m_AngularDrag: 0
  m_UseGravity: 0
  m_IsKinematic: 0
  m_Interpolate: 0
  m_Constraints: 0
  m_CollisionDetection: 0
--- !u!135 &3150628556986992836
SphereCollider:
  m_ObjectHideFlags: 0
  m_CorrespondingSourceObject: {fileID: 0}
  m_PrefabInstance: {fileID: 0}
  m_PrefabAsset: {fileID: 0}
  m_GameObject: {fileID: 173417370436742304}
  m_Material: {fileID: 0}
  m_IsTrigger: 1
  m_Enabled: 1
  serializedVersion: 2
  m_Radius: 1
  m_Center: {x: 0, y: 0, z: 0}
--- !u!114 &6350973580162270572
MonoBehaviour:
  m_ObjectHideFlags: 0
  m_CorrespondingSourceObject: {fileID: 0}
  m_PrefabInstance: {fileID: 0}
  m_PrefabAsset: {fileID: 0}
  m_GameObject: {fileID: 173417370436742304}
  m_Enabled: 1
  m_EditorHideFlags: 0
  m_Script: {fileID: 11500000, guid: fcd1234394fa9ed4995ceb10c8cb5baf, type: 3}
  m_Name: 
  m_EditorClassIdentifier: 
  Bounds:
    serializedVersion: 2
    x: -20
    y: -10
    width: 40
    height: 40
--- !u!114 &4126692984388648405
MonoBehaviour:
  m_ObjectHideFlags: 0
  m_CorrespondingSourceObject: {fileID: 0}
  m_PrefabInstance: {fileID: 0}
  m_PrefabAsset: {fileID: 0}
  m_GameObject: {fileID: 173417370436742304}
  m_Enabled: 1
  m_EditorHideFlags: 0
  m_Script: {fileID: 11500000, guid: 34038f01d19918b499a30ec9c06a6407, type: 3}
  m_Name: 
  m_EditorClassIdentifier: 
  Period: 1.5
  ShotLayer: 9
  ShotSpeed: 5
  ShotDamage: 10
  Shot: {fileID: 5498966872552307195, guid: a01425121aa91db41a1312fdbe89601e, type: 3}
--- !u!114 &88010453286023309
MonoBehaviour:
  m_ObjectHideFlags: 0
  m_CorrespondingSourceObject: {fileID: 0}
  m_PrefabInstance: {fileID: 0}
  m_PrefabAsset: {fileID: 0}
  m_GameObject: {fileID: 173417370436742304}
  m_Enabled: 1
  m_EditorHideFlags: 0
  m_Script: {fileID: 11500000, guid: 599cf8c30f2883b47be42f858b2d3286, type: 3}
  m_Name: 
  m_EditorClassIdentifier: 
  OpponentLayer: -1
  DefaultDamage: 50
--- !u!96 &2229339773220479256
TrailRenderer:
  serializedVersion: 2
  m_ObjectHideFlags: 0
  m_CorrespondingSourceObject: {fileID: 0}
  m_PrefabInstance: {fileID: 0}
  m_PrefabAsset: {fileID: 0}
  m_GameObject: {fileID: 173417370436742304}
  m_Enabled: 1
  m_CastShadows: 0
  m_ReceiveShadows: 1
  m_DynamicOccludee: 0
  m_MotionVectors: 0
  m_LightProbeUsage: 0
  m_ReflectionProbeUsage: 0
  m_RayTracingMode: 0
  m_RenderingLayerMask: 1
  m_RendererPriority: 0
  m_Materials:
  - {fileID: 10306, guid: 0000000000000000f000000000000000, type: 0}
  m_StaticBatchInfo:
    firstSubMesh: 0
    subMeshCount: 0
  m_StaticBatchRoot: {fileID: 0}
  m_ProbeAnchor: {fileID: 0}
  m_LightProbeVolumeOverride: {fileID: 0}
  m_ScaleInLightmap: 1
  m_ReceiveGI: 1
  m_PreserveUVs: 0
  m_IgnoreNormalsForChartDetection: 0
  m_ImportantGI: 0
  m_StitchLightmapSeams: 1
  m_SelectedEditorRenderState: 3
  m_MinimumChartSize: 4
  m_AutoUVMaxDistance: 0.5
  m_AutoUVMaxAngle: 89
  m_LightmapParameters: {fileID: 0}
  m_SortingLayerID: 0
  m_SortingLayer: 0
  m_SortingOrder: 0
  m_Time: 2
  m_Parameters:
    serializedVersion: 3
    widthMultiplier: 1
    widthCurve:
      serializedVersion: 2
      m_Curve:
      - serializedVersion: 3
        time: 0
        value: 0.29999924
        inSlope: 0
        outSlope: 0
        tangentMode: 0
        weightedMode: 0
        inWeight: 0.33333334
        outWeight: 0.33333334
      - serializedVersion: 3
        time: 1
        value: 0
        inSlope: 0
        outSlope: 0
        tangentMode: 0
        weightedMode: 0
        inWeight: 0
        outWeight: 0
      m_PreInfinity: 2
      m_PostInfinity: 2
      m_RotationOrder: 4
    colorGradient:
      serializedVersion: 2
      key0: {r: 0.3773585, g: 0, b: 0, a: 1}
      key1: {r: 0, g: 0, b: 0, a: 0.76862746}
      key2: {r: 0, g: 0, b: 0, a: 0}
      key3: {r: 0, g: 0, b: 0, a: 0}
      key4: {r: 0, g: 0, b: 0, a: 0}
      key5: {r: 0, g: 0, b: 0, a: 0}
      key6: {r: 0, g: 0, b: 0, a: 0}
      key7: {r: 0, g: 0, b: 0, a: 0}
      ctime0: 0
      ctime1: 65535
      ctime2: 0
      ctime3: 0
      ctime4: 0
      ctime5: 0
      ctime6: 0
      ctime7: 0
      atime0: 0
      atime1: 65535
      atime2: 0
      atime3: 0
      atime4: 0
      atime5: 0
      atime6: 0
      atime7: 0
      m_Mode: 0
      m_NumColorKeys: 2
      m_NumAlphaKeys: 2
    numCornerVertices: 0
    numCapVertices: 0
    alignment: 0
    textureMode: 0
    shadowBias: 0.5
    generateLightingData: 0
  m_MinVertexDistance: 0.1
  m_Autodestruct: 0
  m_Emitting: 1
--- !u!114 &8628132049404231987
MonoBehaviour:
  m_ObjectHideFlags: 0
  m_CorrespondingSourceObject: {fileID: 0}
  m_PrefabInstance: {fileID: 0}
  m_PrefabAsset: {fileID: 0}
  m_GameObject: {fileID: 173417370436742304}
  m_Enabled: 1
  m_EditorHideFlags: 0
  m_Script: {fileID: 11500000, guid: c87028f1bd1c89547b8e627f5bc383fa, type: 3}
  m_Name: 
  m_EditorClassIdentifier: 
  Sound: {fileID: 8300000, guid: 358cc86381b16bb4dbec2ef5c84d2c09, type: 3}
  SoundVolume: 0.5
  ExplosionPrefab: {fileID: 7016171330175438775, guid: 12fc9af0750e7ab42a35ff9ea05f2dbd,
    type: 3}
  Scale: 0.5
--- !u!1001 &392749158437694789
PrefabInstance:
  m_ObjectHideFlags: 0
  serializedVersion: 2
  m_Modification:
    m_TransformParent: {fileID: 8923850408274729523}
    m_Modifications:
    - target: {fileID: -8679921383154817045, guid: c99e56d8f9c1bfa45a86f60d33fc3920,
        type: 3}
      propertyPath: m_LocalPosition.x
      value: -0
      objectReference: {fileID: 0}
    - target: {fileID: -8679921383154817045, guid: c99e56d8f9c1bfa45a86f60d33fc3920,
        type: 3}
      propertyPath: m_LocalPosition.y
      value: 0
      objectReference: {fileID: 0}
    - target: {fileID: -8679921383154817045, guid: c99e56d8f9c1bfa45a86f60d33fc3920,
        type: 3}
      propertyPath: m_LocalPosition.z
      value: 0
      objectReference: {fileID: 0}
    - target: {fileID: -8679921383154817045, guid: c99e56d8f9c1bfa45a86f60d33fc3920,
        type: 3}
      propertyPath: m_LocalRotation.x
      value: 0
      objectReference: {fileID: 0}
    - target: {fileID: -8679921383154817045, guid: c99e56d8f9c1bfa45a86f60d33fc3920,
        type: 3}
      propertyPath: m_LocalRotation.y
      value: 0.7071068
      objectReference: {fileID: 0}
    - target: {fileID: -8679921383154817045, guid: c99e56d8f9c1bfa45a86f60d33fc3920,
        type: 3}
      propertyPath: m_LocalRotation.z
      value: 0
      objectReference: {fileID: 0}
    - target: {fileID: -8679921383154817045, guid: c99e56d8f9c1bfa45a86f60d33fc3920,
        type: 3}
      propertyPath: m_LocalRotation.w
      value: 0.7071068
      objectReference: {fileID: 0}
    - target: {fileID: -8679921383154817045, guid: c99e56d8f9c1bfa45a86f60d33fc3920,
        type: 3}
      propertyPath: m_RootOrder
      value: 0
      objectReference: {fileID: 0}
    - target: {fileID: -8679921383154817045, guid: c99e56d8f9c1bfa45a86f60d33fc3920,
        type: 3}
      propertyPath: m_LocalEulerAnglesHint.x
      value: 0
      objectReference: {fileID: 0}
    - target: {fileID: -8679921383154817045, guid: c99e56d8f9c1bfa45a86f60d33fc3920,
        type: 3}
      propertyPath: m_LocalEulerAnglesHint.y
      value: 90
      objectReference: {fileID: 0}
    - target: {fileID: -8679921383154817045, guid: c99e56d8f9c1bfa45a86f60d33fc3920,
        type: 3}
      propertyPath: m_LocalEulerAnglesHint.z
      value: 0
      objectReference: {fileID: 0}
    - target: {fileID: -8679921383154817045, guid: c99e56d8f9c1bfa45a86f60d33fc3920,
        type: 3}
      propertyPath: m_LocalScale.x
      value: 50
      objectReference: {fileID: 0}
    - target: {fileID: -8679921383154817045, guid: c99e56d8f9c1bfa45a86f60d33fc3920,
        type: 3}
      propertyPath: m_LocalScale.y
      value: 50
      objectReference: {fileID: 0}
    - target: {fileID: -8679921383154817045, guid: c99e56d8f9c1bfa45a86f60d33fc3920,
        type: 3}
      propertyPath: m_LocalScale.z
      value: 50
      objectReference: {fileID: 0}
    - target: {fileID: 919132149155446097, guid: c99e56d8f9c1bfa45a86f60d33fc3920,
        type: 3}
      propertyPath: m_Name
      value: enemy_01
      objectReference: {fileID: 0}
    m_RemovedComponents: []
  m_SourcePrefab: {fileID: 100100000, guid: c99e56d8f9c1bfa45a86f60d33fc3920, type: 3}
--- !u!4 &214459992713874094 stripped
Transform:
  m_CorrespondingSourceObject: {fileID: -8679921383154817045, guid: c99e56d8f9c1bfa45a86f60d33fc3920,
    type: 3}
  m_PrefabInstance: {fileID: 392749158437694789}
  m_PrefabAsset: {fileID: 0}
--- !u!1001 &2548640422206106631
PrefabInstance:
  m_ObjectHideFlags: 0
  serializedVersion: 2
  m_Modification:
    m_TransformParent: {fileID: 8923850408274729523}
    m_Modifications:
    - target: {fileID: 6082625858872882022, guid: a942439d71434144eb07c5d0af8b781d,
        type: 3}
      propertyPath: m_Name
      value: Health
      objectReference: {fileID: 0}
    - target: {fileID: 6082625858872882023, guid: a942439d71434144eb07c5d0af8b781d,
        type: 3}
      propertyPath: m_LocalPosition.x
      value: 0
      objectReference: {fileID: 0}
    - target: {fileID: 6082625858872882023, guid: a942439d71434144eb07c5d0af8b781d,
        type: 3}
      propertyPath: m_LocalPosition.y
      value: 0
      objectReference: {fileID: 0}
    - target: {fileID: 6082625858872882023, guid: a942439d71434144eb07c5d0af8b781d,
        type: 3}
      propertyPath: m_LocalPosition.z
      value: -1
      objectReference: {fileID: 0}
    - target: {fileID: 6082625858872882023, guid: a942439d71434144eb07c5d0af8b781d,
        type: 3}
      propertyPath: m_LocalRotation.x
      value: 0.7071068
      objectReference: {fileID: 0}
    - target: {fileID: 6082625858872882023, guid: a942439d71434144eb07c5d0af8b781d,
        type: 3}
      propertyPath: m_LocalRotation.y
      value: 0
      objectReference: {fileID: 0}
    - target: {fileID: 6082625858872882023, guid: a942439d71434144eb07c5d0af8b781d,
        type: 3}
      propertyPath: m_LocalRotation.z
      value: 0
      objectReference: {fileID: 0}
    - target: {fileID: 6082625858872882023, guid: a942439d71434144eb07c5d0af8b781d,
        type: 3}
      propertyPath: m_LocalRotation.w
      value: 0.7071068
      objectReference: {fileID: 0}
    - target: {fileID: 6082625858872882023, guid: a942439d71434144eb07c5d0af8b781d,
        type: 3}
      propertyPath: m_RootOrder
      value: 1
      objectReference: {fileID: 0}
    - target: {fileID: 6082625858872882023, guid: a942439d71434144eb07c5d0af8b781d,
        type: 3}
      propertyPath: m_LocalEulerAnglesHint.x
      value: 90
      objectReference: {fileID: 0}
    - target: {fileID: 6082625858872882023, guid: a942439d71434144eb07c5d0af8b781d,
        type: 3}
      propertyPath: m_LocalEulerAnglesHint.y
      value: 0
      objectReference: {fileID: 0}
    - target: {fileID: 6082625858872882023, guid: a942439d71434144eb07c5d0af8b781d,
        type: 3}
      propertyPath: m_LocalEulerAnglesHint.z
      value: 0
      objectReference: {fileID: 0}
    - target: {fileID: 6082625858872882023, guid: a942439d71434144eb07c5d0af8b781d,
        type: 3}
      propertyPath: m_AnchoredPosition.x
      value: 0
      objectReference: {fileID: 0}
    - target: {fileID: 6082625858872882023, guid: a942439d71434144eb07c5d0af8b781d,
        type: 3}
      propertyPath: m_AnchoredPosition.y
      value: 1
      objectReference: {fileID: 0}
    - target: {fileID: 6082625858872882023, guid: a942439d71434144eb07c5d0af8b781d,
        type: 3}
      propertyPath: m_SizeDelta.x
      value: 1
      objectReference: {fileID: 0}
    - target: {fileID: 6082625858872882023, guid: a942439d71434144eb07c5d0af8b781d,
        type: 3}
      propertyPath: m_SizeDelta.y
      value: 0.2
      objectReference: {fileID: 0}
    - target: {fileID: 6082625858872882023, guid: a942439d71434144eb07c5d0af8b781d,
        type: 3}
      propertyPath: m_AnchorMin.x
      value: 0.5
      objectReference: {fileID: 0}
    - target: {fileID: 6082625858872882023, guid: a942439d71434144eb07c5d0af8b781d,
        type: 3}
      propertyPath: m_AnchorMin.y
      value: 0.5
      objectReference: {fileID: 0}
    - target: {fileID: 6082625858872882023, guid: a942439d71434144eb07c5d0af8b781d,
        type: 3}
      propertyPath: m_AnchorMax.x
      value: 0.5
      objectReference: {fileID: 0}
    - target: {fileID: 6082625858872882023, guid: a942439d71434144eb07c5d0af8b781d,
        type: 3}
      propertyPath: m_AnchorMax.y
      value: 0.5
      objectReference: {fileID: 0}
    - target: {fileID: 6082625858872882023, guid: a942439d71434144eb07c5d0af8b781d,
        type: 3}
      propertyPath: m_Pivot.x
      value: 0.5
      objectReference: {fileID: 0}
    - target: {fileID: 6082625858872882023, guid: a942439d71434144eb07c5d0af8b781d,
        type: 3}
      propertyPath: m_Pivot.y
      value: 0.5
      objectReference: {fileID: 0}
    m_RemovedComponents: []
  m_SourcePrefab: {fileID: 100100000, guid: a942439d71434144eb07c5d0af8b781d, type: 3}
--- !u!224 &8590410715472519008 stripped
RectTransform:
  m_CorrespondingSourceObject: {fileID: 6082625858872882023, guid: a942439d71434144eb07c5d0af8b781d,
    type: 3}
  m_PrefabInstance: {fileID: 2548640422206106631}
  m_PrefabAsset: {fileID: 0}
